<record><leader>00000cas a22000007a 4500</leader><controlfield tag="001">9429608</controlfield><controlfield tag="008">830420d1848184umauwr ne      0    0eng d</controlfield><datafield ind1=" " ind2=" " tag="010"><subfield code="a">sn 83020572 </subfield></datafield><datafield ind1=" " ind2=" " tag="040"><subfield code="a">NPX</subfield><subfield code="b">eng</subfield><subfield code="c">NPX</subfield><subfield code="d">MGN</subfield><subfield code="d">DLC</subfield><subfield code="d">OCLCO</subfield></datafield><datafield ind1="1" ind2=" " tag="029"><subfield code="a">AU@</subfield><subfield code="b">000025793390</subfield></datafield><datafield ind1=" " ind2=" " tag="042"><subfield code="a">msc</subfield></datafield><datafield ind1=" " ind2=" " tag="043"><subfield code="a">n-us-ma</subfield></datafield><datafield ind1="0" ind2="0" tag="245"><subfield code="a">Natick mirror.</subfield></datafield><datafield ind1=" " ind2=" " tag="260"><subfield code="a">Natick, Mass. :</subfield><subfield code="b">Natick Free Soil Party,</subfield><subfield code="c">1848-</subfield></datafield><datafield ind1=" " ind2=" " tag="300"><subfield code="a">v. ;</subfield><subfield code="c">44 cm.</subfield></datafield><datafield ind1=" " ind2=" " tag="310"><subfield code="a">Weekly</subfield></datafield><datafield ind1="0" ind2=" " tag="362"><subfield code="a">Oct. 21, 1848-</subfield></datafield><datafield ind1=" " ind2=" " tag="500"><subfield code="a">A Free Soil campaign paper.</subfield></datafield><datafield ind1=" " ind2=" " tag="500"><subfield code="a">Editor: J.B. Mann.</subfield></datafield><datafield ind1="1" ind2=" " tag="700"><subfield code="a">Mann, Jonathan B.</subfield><subfield code="q">(Jonathan Bacon),</subfield><subfield code="d">1817-1876.</subfield></datafield><datafield ind1="2" ind2=" " tag="710"><subfield code="a">Free Soil Party (Mass.)</subfield></datafield><datafield ind1=" " ind2=" " tag="752"><subfield code="a">United States</subfield><subfield code="b">Massachusetts</subfield><subfield code="c">Middlesex</subfield><subfield code="d">Natick.</subfield></datafield></record>